<?xml version="1.0" encoding="UTF-8"?><collection xmlns="http://www.loc.gov/MARC21/slim"><record><leader>00414nam--2200133-i-4500</leader><controlfield tag="001">000032086</controlfield><controlfield tag="002">20161230</controlfield><controlfield tag="005">20161230201039</controlfield><controlfield tag="008">060222s1000------------r-----000-0-eng-d</controlfield><datafield ind1=" " ind2=" " tag="080"><subfield code="a">551.594.5:52-735(043)</subfield></datafield><datafield ind1=" " ind2=" " tag="100"><subfield code="a">Maral, Gerard</subfield></datafield><datafield ind1=" " ind2=" " tag="245"><subfield code="a">Mesure du rayonnement x auroral et application a l`etude des precipitations electroniques. these</subfield></datafield><datafield ind1=" " ind2=" " tag="260"><subfield code="a">Toulouse, L`Universite De Toulouse, 1970, 92p</subfield></datafield><datafield ind1=" " ind2=" " tag="852"><subfield code="a">76976</subfield></datafield></record></collection>